% This file was created with JabRef 2.10.
% Encoding: UTF8


@Electronic{Cassidy2013,
  Title                    = {Presentations with Beamer},
  Author                   = {Josh Cassidy},
  Month                    = {8},
  Url                      = {https://www.sharelatex.com/blog/2013/08/13/beamer-series-pt1.html},
  Year                     = {2013},

  Owner                    = {mourajp},
  Timestamp                = {2015.10.28}
}

@Manual{Tantau2015,
  Title                    = {Beamer User Guide},
  Author                   = {Till Tantau and Joseph Wright and Vedran Mileti\'{C}},
  Month                    = {3},
  Year                     = {2015},

  Owner                    = {mourajp},
  Timestamp                = {2015.10.28},
  Url                      = {http://linorg.usp.br/CTAN/macros/latex/contrib/beamer/doc/beameruserguide.pdf}
}

